@article{leger2019sinkhorn,
  title={A gradient descent perspective on Sinkhorn},
  author={Flavien Léger},
  journal={arXiv preprint arXiv:2002.03758},
  year={2019}
}

@article{zhou2017convergence,
  title={On the convergence of mirror descent beyond stochastic convex programming},
  author={Zhou, Zhengyuan and Mertikopoulos, Panayotis and Bambos, Nicholas and Boyd, Stephen and Glynn, Peter},
  journal={arXiv preprint arXiv:1706.05681},
  year={2017}
}

@article{benamou2015iterative,
  title={Iterative Bregman projections for regularized transportation problems},
  author={Benamou, Jean-David and Carlier, Guillaume and Cuturi, Marco and Nenna, Luca and Peyr{\'e}, Gabriel},
  journal={SIAM Journal on Scientific Computing},
  volume={37},
  number={2},
  pages={A1111--A1138},
  year={2015},
  publisher={SIAM}
}

@article{diaconis_iterated,
  title={Iterated random functions},
  author={Diaconis, Persi and Freedman, David},
  journal={SIAM Review},
  volume={41},
  number={1},
  pages={45--76},
  year={1999},
  publisher={SIAM}
}

@article{mishchenko2019sinkhorn,
  title={Sinkhorn Algorithm as a Special Case of Stochastic Mirror Descent},
  author={Mishchenko, Konstantin},
  journal={arXiv preprint arXiv:1909.06918},
  year={2019}
}

@article{beck2003mirror,
  title={Mirror descent and nonlinear projected subgradient methods for convex optimization},
  author={Beck, Amir and Teboulle, Marc},
  journal={Operations Research Letters},
  volume={31},
  number={3},
  pages={167--175},
  year={2003},
  publisher={Elsevier}
}

@inproceedings{lacoste2015global,
  title={On the global linear convergence of Frank-Wolfe optimization variants},
  author={Lacoste-Julien, Simon and Jaggi, Martin},
  booktitle={Advances in Neural Information Processing Systems},
  year={2015}
}

@inproceedings{mechanics,
  title={The Mechanics of $n$-Player Differentiable Games},
  author={Balduzzi, David and Racanière, Sébastien and Martens, James and Foerster, Jakob and Tuyls, Karl and Graepel, Thore},
  booktitle={Proceedings of the International Conference on Machine Learning},
  year={2018}
}

@inproceedings{sos,
  title={Stable Opponent Shaping in Differentiable Games},
  author={Letcher, Alistair and Foerster, Jakob and Balduzzi, David and Rocktäschel, Tim and Whiteson, Shimon},
  booktitle={International Conference on Learning Representations},
  year={2019}
}

@inproceedings{zhanglesser,
  title={Multi-Agent Learning with Policy Prediction},
  author={Zhang, Chongjie and Lesser, Victor},
  booktitle={Proceedings of the AAAI Conference on Artificial Intelligence},
  year={2010}
}

@inproceedings{lola,
  title={Learning with Opponent-Learning Awareness},
  author={Foerster, Jakob and Chen, Richard Y. and Al-Shedivat, Maruan and Whiteson, Shimon and Abbeel, Pieter and Mordatch, Igor},
  booktitle={Proceedings of the International Conference on Autonomous Agents and Multi-Agent Systems},
  year={2018}
}

@article{bubeck_monograph,
  author    = {Bubeck, Sébastien},
  title     = {Convex Optimization: Algorithms and Complexity},
  journal   = {Foundations and Trends in Machine Learning},
  volume    = {8},
  number    = {3-4},
  pages     = {231--357},
  year      = {2015}
}
 
@article{solving,
  author    = {Juditsky, Anatoli and Nemirovski, Arkadi and Tauvel, Claire},
  title     = {Solving variational inequalities with stochastic mirror-prox algorithm},
  journal   = {Stochastic Systems},
  volume    = {1},
  number    = {1},
  pages     = {17--58},
  year      = {2011}
}

@article{facchinei2007generalized,
  title={Generalized Nash equilibrium problems},
  author={Facchinei, Francisco and Kanzow, Christian},
  journal={4or},
  volume={5},
  number={3},
  pages={173--210},
  year={2007},
}

@article{harker1990finite,
  title={Finite-dimensional variational inequality and nonlinear complementarity problems: a survey of theory, algorithms and applications},
  author={Harker, Patrick T and Pang, Jong-Shi},
  journal={Mathematical Programming},
  volume={48},
  number={1-3},
  pages={161--220},
  year={1990},
  publisher={Springer}
}

@article{korpelevich1976extragradient,
  title={The extragradient method for finding saddle points and other problems},
  author={Korpelevich, GM},
  journal={Matecon},
  volume={12},
  pages={747--756},
  year={1976}
}

@article{nemirovski2004prox,
  title={Prox-method with rate of convergence $O(1/t)$ for variational inequalities with Lipschitz continuous monotone operators and smooth convex-concave saddle point problems},
  author={Nemirovski, Arkadi},
  journal={SIAM Journal on Optimization},
  volume={15},
  number={1},
  pages={229--251},
  year={2004},
  publisher={SIAM}
}

@article{nesterov2007dual,
  title={Dual extrapolation and its applications to solving variational inequalities and related problems},
  author={Nesterov, Yurii},
  journal={Mathematical Programming},
  volume={109},
  number={2-3},
  pages={319--344},
  year={2007},
  publisher={Springer}
}

@inproceedings{yousefian2014optimal,
  title={Optimal robust smoothing extragradient algorithms for stochastic variational inequality problems},
  author={Yousefian, Farzad and Nedi{\'c}, Angelia and Shanbhag, Uday V},
  booktitle={53rd IEEE Conference on Decision and Control},
  pages={5831--5836},
  year={2014},
  organization={IEEE}
}

@article{iusem2017extragradient,
  title={Extragradient method with variance reduction for stochastic variational inequalities},
  author={Iusem, AN and Jofr{\'e}, Alejandro and Oliveira, Roberto I and Thompson, Philip},
  journal={SIAM Journal on Optimization},
  volume={27},
  number={2},
  pages={686--724},
  year={2017},
  publisher={SIAM}
}

@inproceedings{optimistic,
  title={Optimistic mirror descent in saddle-point problems: Going the extra (gradient) mile},
  author={Mertikopoulos, Panayotis and Lecouat, Bruno and Zenati, Houssam and Foo, Chuan-Sheng and Chandrasekhar, Vijay and Piliouras, Georgios},
  booktitle={International Conference on Learning Representations},
  year={2019}
 }
 
 @article{yousefian2018stochastic,
  title={On stochastic mirror-prox algorithms for stochastic Cartesian variational inequalities: Randomized block coordinate and optimal averaging schemes},
  author={Yousefian, Farzad and Nedi{\'c}, Angelia and Shanbhag, Uday V},
  journal={Set-Valued and Variational Analysis},
  volume={26},
  number={4},
  pages={789--819},
  year={2018},
  publisher={Springer}
}

@article{lin2018solving,
  title={Solving weakly-convex-weakly-concave saddle-point problems as weakly-monotone variational inequality},
  author={Lin, Qihang and Liu, Mingrui and Rafique, Hassan and Yang, Tianbao},
  journal={arXiv preprint arXiv:1810.10207},
  year={2018}
}

@inproceedings{nouiehed2019solving,
  title={Solving a class of non-convex min-max games using iterative first order methods},
  author={Nouiehed, Maher and Sanjabi, Maziar and Huang, Tianjian and Lee, Jason D and Razaviyayn, Meisam},
  booktitle={Advances in Neural Information Processing Systems},
  year={2019}
}

@inproceedings{daskalakis2018limit,
  title={The limit points of (optimistic) gradient descent in min-max optimization},
  author={Daskalakis, Constantinos and Panageas, Ioannis},
  booktitle={Advances in Neural Information Processing Systems},
  year={2018}
}

@article{adolphs2018local,
  title={Local saddle point optimization: A curvature exploitation approach},
  author={Adolphs, Leonard and Daneshmand, Hadi and Lucchi, Aurelien and Hofmann, Thomas},
  journal={arXiv preprint arXiv:1805.05751},
  year={2018}
}

 

 



@inproceedings{reducing2019chavdarova,
  title={Reducing Noise in {{GAN}} Training with Variance Reduced Extragradient},
  author={Chavdarova, Tatjana and Gidel, Gauthier and Fleuret, Francois and Foo, Chuan-Sheng and Lacoste-Julien, Simon},
  booktitle={Advances in Neural Information Processing Systems},
  year={2019}
 }
 
 @inproceedings{palaniappan2016stochastic,
  title={Stochastic variance reduction methods for saddle-point problems},
  author={Palaniappan, Balamurugan and Bach, Francis},
  booktitle={Advances in Neural Information Processing Systems},
  pages={1416--1424},
  year={2016}
}


@inproceedings{universal2019bach,
  title={A universal algorithm for variational inequalities adaptive to smoothness and noise},
  author={Bach, Francis and Levy, Kfir},
  booktitle={Proceedings of the Conference on Learning Theory},
  year={2019}
 }
 
 @inproceedings{bowling2001rational,
  title={Rational and convergent learning in stochastic games},
  author={Bowling, Michael and Veloso, Manuela},
  year={2001},
  booktitle={Proceedings of the International Joint Conference on Artificial intelligence},
  pages={1021--1026}
}

@article{conitzer2007awesome,
  title={{{AWESOME}}: A general multiagent learning algorithm that converges in self-play and learns a best response against stationary opponents},
  author={Conitzer, Vincent and Sandholm, Tuomas},
  journal={Machine Learning},
  volume={67},
  number={1-2},
  pages={23--43},
  year={2007},
  publisher={Springer}
}

@inproceedings{daskalakis2018training,
  title={Training {{GANs}} with Optimism},
  author={Daskalakis, Constantinos and Ilyas, Andrew and Syrgkanis, Vasilis and Zeng, Haoyang},
  booktitle={International Conference on Learning Representations},
  year={2018}
}

@inproceedings{mescheder2017numerics,
  title={The numerics of {{GANs}}},
  author={Mescheder, Lars and Nowozin, Sebastian and Geiger, Andreas},
  booktitle={Advances in Neural Information Processing Systems},
  year={2017}
}


@inproceedings{nagarajan2017gradient,
  title={Gradient descent {{GAN}} optimization is locally stable},
  author={Nagarajan, Vaishnavh and Kolter, J Zico},
  booktitle={Advances in Neural Information Processing Systems},
  year={2017}
}

@inproceedings{heusel2017gans,
  title={{{GANs}} trained by a two time-scale update rule converge to a local {{Nash}} equilibrium},
  author={Heusel, Martin and Ramsauer, Hubert and Unterthiner, Thomas and Nessler, Bernhard and Hochreiter, Sepp},
  booktitle={Advances in Neural Information Processing Systems},
  year={2017}
}

@inproceedings{gidel2018variational,
  title={A variational inequality perspective on generative adversarial networks},
  author={Gidel, Gauthier and Berard, Hugo and Vignoud, Ga{\"e}tan and Vincent, Pascal and Lacoste-Julien, Simon},
  booktitle={International Conference on Learning Representations},
  year={2019}
}

@article{mazumdar2019finding,
  title={On finding local {{Nash}} equilibria (and only local {{Nash}} equilibria) in zero-sum games},
  author={Mazumdar, Eric V and Jordan, Michael I and Sastry, S Shankar},
  journal={arXiv:1901.00838},
  year={2019}
}

@inproceedings{goodfellow2014generative,
  title={Generative adversarial nets},
  author={Goodfellow, Ian and Pouget-Abadie, Jean and Mirza, Mehdi and Xu, Bing and Warde-Farley, David and Ozair, Sherjil and Courville, Aaron and Bengio, Yoshua},
  booktitle={Advances in Neural Information Processing Systems},
  year={2014}
}

@inproceedings{pathak2017curiosity,
  title={Curiosity-driven exploration by self-supervised prediction},
  author={Pathak, Deepak and Agrawal, Pulkit and Efros, Alexei A and Darrell, Trevor},
  booktitle={Proceedings of the IEEE Conference on Computer Vision and Pattern Recognition Workshops},
  year={2017}
}

@inproceedings{racaniere2017imagination,
  title={Imagination-augmented agents for deep reinforcement learning},
  author={Racani{\`e}re, S{\'e}bastien and Weber, Th{\'e}ophane and Reichert, David and Buesing, Lars and Guez, Arthur and Rezende, Danilo Jimenez and Badia, Adria Puigdomenech and Vinyals, Oriol and Heess, Nicolas and Li, Yujia and others},
  booktitle={Advances in Neural Information Processing Systems},
  year={2017}
}

@inproceedings{jaderberg2017decoupled,
  title={Decoupled neural interfaces using synthetic gradients},
  author={Jaderberg, Max and Czarnecki, Wojciech Marian and Osindero, Simon and Vinyals, Oriol and Graves, Alex and Silver, David and Kavukcuoglu, Koray},
  booktitle={Proceedings of the International Conference on Machine Learning},
  pages={1627--1635},
  year={2017},
}

@article{wayne2014hierarchical,
  title={Hierarchical control using networks trained with higher-level forward models},
  author={Wayne, Greg and Abbott, LF},
  journal={Neural Computation},
  volume={26},
  number={10},
  pages={2163--2193},
  year={2014},
}

@inproceedings{vezhnevets2017feudal,
  title={Feudal networks for hierarchical reinforcement learning},
  author={Vezhnevets, Alexander Sasha and Osindero, Simon and Schaul, Tom and Heess, Nicolas and Jaderberg, Max and Silver, David and Kavukcuoglu, Koray},
  booktitle={Proceedings of the International Conference on Machine Learning},
  pages={3540--3549},
  year={2017},
}

@article{bu2008comprehensive,
  title={A comprehensive survey of multi-agent reinforcement learning},
  author={Bu, Lucian and Babu, Robert and De Schutter, Bart and others},
  journal={IEEE Transactions on Systems, Man, and Cybernetics, Part C (Applications and Reviews)},
  volume={38},
  number={2},
  pages={156--172},
  year={2008},
}

@article{daskalakis2009complexity,
  title={The complexity of computing a {{Nash}} equilibrium},
  author={Daskalakis, Constantinos and Goldberg, Paul W and Papadimitriou, Christos H},
  journal={SIAM Journal on Computing},
  volume={39},
  number={1},
  pages={195--259},
  year={2009},
  publisher={SIAM}
}

@article{jin2019minmax,
  title={Minmax optimization: Stable limit points of gradient descent ascent are locally optimal},
  author={Jin, Chi and Netrapalli, Praneeth and Jordan, Michael I},
  journal={arXiv preprint arXiv:1902.00618},
  year={2019}
}

@article{oliehoek2018beyond,
  title={Beyond local nash equilibria for adversarial networks},
  author={Oliehoek, Frans A and Savani, Rahul and Gallego, Jose and van der Pol, Elise and Gro{\ss}, Roderich},
  journal={arXiv preprint arXiv:1806.07268},
  year={2018}
}

@article{grnarova2017online,
  title={An online learning approach to generative adversarial networks},
  author={Grnarova, Paulina and Levy, Kfir Y and Lucchi, Aurelien and Hofmann, Thomas and Krause, Andreas},
  journal={arXiv preprint arXiv:1706.03269},
  year={2017}
}

@inproceedings{arora2017generalization,
  title={Generalization and equilibrium in generative adversarial nets (gans)},
  author={Arora, Sanjeev and Ge, Rong and Liang, Yingyu and Ma, Tengyu and Zhang, Yi},
  booktitle={Proceedings of the 34th International Conference on Machine Learning-Volume 70},
  pages={224--232},
  year={2017},
  organization={JMLR. org}
}

@inproceedings{balandat2016minimizing,
  title={Minimizing regret on reflexive Banach spaces and Nash equilibria in continuous zero-sum games},
  author={Balandat, Maximilian and Krichene, Walid and Tomlin, Claire and Bayen, Alexandre},
  booktitle={Advances in Neural Information Processing Systems},
  year={2016}
}

@article{hsieh2018finding,
  title={Finding Mixed Nash Equilibria of Generative Adversarial Networks},
  author={Hsieh, Ya-Ping and Liu, Chen and Cevher, Volkan},
  journal={arXiv preprint arXiv:1811.02002},
  year={2018}
}


@article{silver2018general,
  title={A general reinforcement learning algorithm that masters chess, shogi, and Go through self-play},
  author={Silver, David and Hubert, Thomas and Schrittwieser, Julian and Antonoglou, Ioannis and Lai, Matthew and Guez, Arthur and Lanctot, Marc and Sifre, Laurent and Kumaran, Dharshan and Graepel, Thore and others},
  journal={Science},
  volume={362},
  number={6419},
  pages={1140--1144},
  year={2018},
}

@inproceedings{balduzzi2019open,
  title={Open-ended learning in symmetric zero-sum games},
  author={Balduzzi, David and Garnelo, Marta and Bachrach, Yoram and Czarnecki, Wojciech M and Perolat, Julien and Jaderberg, Max and Graepel, Thore},
  journal={Proceedings of the International Conference in Machine Learning},
  year={2019}
}

@inproceedings{bansal2017emergent,
  title={Emergent complexity via multi-agent competition},
  author={Bansal, Trapit and Pachocki, Jakub and Sidor, Szymon and Sutskever, Ilya and Mordatch, Igor},
  booktitle={International Conference on Learning Representations},
  year={2018}
}

@inproceedings{lee2016gradient,
  title={Gradient descent only converges to minimizers},
  author={Lee, Jason D and Simchowitz, Max and Jordan, Michael I and Recht, Benjamin},
  booktitle={Annual Conference on Learning Theory},
  pages={1246--1257},
  year={2016}
}


@article{magnanti1997averaging,
  title={Averaging schemes for variational inequalities and systems of equations},
  author={Magnanti, Thomas L and Perakis, Georgia},
  journal={Mathematics of Operations Research},
  volume={22},
  number={3},
  pages={568--587},
  year={1997},
}


@inproceedings{jou2016deep,
  title={Deep cross residual learning for multitask visual recognition},
  author={Jou, Brendan and Chang, Shih-Fu},
  booktitle={Proceedings of the ACM international Conference on Multimedia},
  pages={998--1007},
  year={2016},
}

@article{robbins1951stochastic,
  title={A stochastic approximation method},
  author={Robbins, Herbert and Monro, Sutton},
  journal={The Annals of Mathematical Statistics},
  pages={400--407},
  year={1951},
}

@inproceedings{bottou2010large,
  title={Large-scale machine learning with stochastic gradient descent},
  author={Bottou, L{\'e}on},
  booktitle={Proceedings of COMPSTAT'2010},
  pages={177--186},
  year={2010},
}

@inproceedings{defazio2014saga,
  title={{{SAGA}}: A fast incremental gradient method with support for non-strongly convex composite objectives},
  author={Defazio, Aaron and Bach, Francis and Lacoste-Julien, Simon},
  booktitle={Advances in Neural Information Processing Systems},
  year={2014}
}

@article{nemirovski2010accuracy,
  title={Accuracy certificates for computational problems with convex structure},
  author={Nemirovski, Arkadi and Onn, Shmuel and Rothblum, Uriel G},
  journal={Mathematics of Operations Research},
  volume={35},
  number={1},
  pages={52--78},
  year={2010},
}

@article{nedic2009subgradient,
  title={Subgradient methods for saddle-point problems},
  author={Nedi{\'c}, Angelia and Ozdaglar, Asuman},
  journal={Journal of Optimization Theory and Applications},
  volume={142},
  number={1},
  pages={205--228},
  year={2009},
}

@inproceedings{bottou2008tradeoffs,
  title={The tradeoffs of large scale learning},
  author={Bottou, L{\'e}on and Bousquet, Olivier},
  booktitle={Advances in Neural Information Processing Systems},
  year={2008}
}

@inproceedings{ganin2014unsupervised,
  title={Unsupervised domain adaptation by backpropagation},
  author={Ganin, Yaroslav and Lempitsky, Victor},
  booktitle={Proceedings of the International Conference on Machine Learning},
  year={2014}
}


@inproceedings{kim_robust_2006,
  author = {Kim, Seung-Jean and Magnani, Alessandro and Boyd, Stephen},
  booktitle = {Advances in {{Neural Information Processing Systems}}},
  title = {Robust {{Fisher}} Discriminant Analysis},
  year = {2006}
}




@inproceedings{durugkar2016generative,
  title={Generative multi-adversarial networks},
  author={Durugkar, Ishan and Gemp, Ian and Mahadevan, Sridhar},
  journal={International Conference on Learning Representations},
  year={2016}
}

@book{coulouris2005distributed,
  title={Distributed systems: concepts and design},
  author={Coulouris, George F and Dollimore, Jean and Kindberg, Tim},
  year={2005},
  publisher={Person Education}
}

@book{lax2002functional,
  title={Functional analysis},
  author={Lax, Peter D.},
  year={2002},
  publisher={Wiley-Interscience}
}


@article{nash1951non,
  title={Non-cooperative games},
  author={Nash, John},
  journal={Annals of Mathematics},
  pages={286--295},
  year={1951},
  publisher={JSTOR}
}


@inproceedings{rockafellar_monotone_1970,
  author = {Rockafellar, R. T.},
  booktitle = {Proceedings of {{Symposia}} in {{Pure Mathematics}}},
  pages = {241-250},
  title = {Monotone operators associated with saddle-functions and minimax problems},
  volume = {18.1},
  year = {1970}
}


@article{chambolle_firstorder_2011,
  author = {Chambolle, Antonin and Pock, Thomas},
  journal = {Journal of Mathematical Imaging and Vision},
  language = {en},
  number = {1},
  pages = {120-145},
  title = {A First-Order Primal-Dual Algorithm for Convex Problems with Applications to Imaging},
  volume = {40},
  year = {2011}
}

@book{nemirovsky1983problem,
  title={Problem complexity and method efficiency in optimization.},
  author={Nemirovsky, Arkadii Semenovich and Yudin, David Borisovich},
  year={1983},
  publisher={Wiley}
}

@article{duchi_adaptive_2011,
  author = {Duchi, John and Hazan, Elad and Singer, Yoram},
  journal = {Journal of Machine Learning Research},
  pages = {2121--2159},
  title = {Adaptive Subgradient Methods for Online Learning and Stochastic Optimization},
  volume = {12},
  year = {2011}
}

@article{neal2011mcmc,
  title={{{MCMC}} using {{Hamiltonian}} dynamics},
  author={Neal, Radford M and others},
  journal={Handbook of {{Markov}} {{Chain}} {{Monte}} {{Carlo}}},
  volume={2},
  number={11},
  pages={2},
  year={2011}
}


@article{li_faster_2018,
  author = {Li, Xingguo and Zhao, Tuo and Arora, Raman and Liu, Han and Hong, Mingyi},
  journal = {Journal of Machine Learning Research},
  number = {184},
  pages = {1-24},
  title = {On Faster Convergence of Cyclic Block Coordinate Descent-Type Methods for Strongly Convex Minimization},
  volume = {18},
  year = {2018}
}


@inproceedings{gulrajani_improved_2017,
  title={Improved training of {{Wasserstein}} {{GANs}}},
  author={Gulrajani, Ishaan and Ahmed, Faruk and Arjovsky, Martin and Dumoulin, Vincent and Courville, Aaron C},
  booktitle={Advances in Neural Information Processing Systems},
  year={2017}
}

@inproceedings{he2016deep,
  title={Deep residual learning for image recognition},
  author={He, Kaiming and Zhang, Xiangyu and Ren, Shaoqing and Sun, Jian},
  booktitle={Proceedings of the IEEE Conference on Computer Vision and Pattern Recognition},
  pages={770--778},
  year={2016}
}

@techreport{krizhevsky2009learning,
  title={Learning multiple layers of features from tiny images},
  author={Krizhevsky, Alex and Hinton, Geoffrey},
  year={2009},
  institution={Citeseer}
}


@inproceedings{salimans_improved_2016,
  author = {Salimans, Tim and Goodfellow, Ian and Zaremba, Wojciech and Cheung, Vicki and Radford, Alec and Chen, Xi and Chen, Xi},
  booktitle = {Advances in {{Neural Information Processing Systems}}},
  pages = {2234--2242},
  title = {Improved Techniques for Training {{GANs}}},
  year = {2016}
}


@inproceedings{kingma_adam_2014,
  author = {Kingma, Diederik P. and Ba, Jimmy},
  title = {Adam: {{A Method}} for {{Stochastic Optimization}}},
  booktitle = {International Conference on Learning Representations},
  year = {2015}
}


@inproceedings{gurbuzbalaban2017cyclic,
  title={When cyclic coordinate descent outperforms randomized coordinate descent},
  author={Gurbuzbalaban, Mert and Ozdaglar, Asuman and Parrilo, Pablo A and Vanli, Nuri},
  booktitle={Advances in Neural Information Processing Systems},
  year={2017}
}

@inproceedings{mnih2016asynchronous,
  title={Asynchronous methods for deep reinforcement learning},
  author={Mnih, Volodymyr and Badia, Adria Puigdomenech and Mirza, Mehdi and Graves, Alex and Lillicrap, Timothy and Harley, Tim and Silver, David and Kavukcuoglu, Koray},
  booktitle={Proceedings of the International Conference on Machine Learning},
  pages={1928--1937},
  year={2016}
}

@inproceedings{lowe2017multi,
  title={Multi-agent actor-critic for mixed cooperative-competitive environments},
  author={Lowe, Ryan and Wu, Yi and Tamar, Aviv and Harb, Jean and Abbeel, OpenAI Pieter and Mordatch, Igor},
  booktitle={Advances in Neural Information Processing Systems},
  year={2017}
}

@article{gelfand1941normierte,
  title={Normierte ringe},
  author={Gelfand, Izrail},
  journal={Matematicheskii Sbornik},
  volume={9},
  number={1},
  pages={3--24},
  year={1941},
}


@inproceedings{cheung_vortices_2019,
  author = {Cheung, Yun Kuen and Piliouras, Georgios},
  booktitle = {Proceedings of the Conference on Learning Theory},
  shorttitle = {Vortices {{Instead}} of {{Equilibria}} in {{MinMax Optimization}}},
  title = {Vortices {{Instead}} of {{Equilibria}} in {{MinMax Optimization}}: {{Chaos}} and {{Butterfly Effects}} of {{Online Learning}} in {{Zero}}-{{Sum Games}}},
  year = {2019}
}



@article{rosen_existence_1965,
  author = {Rosen, J. B.},
  journal = {Econometrica},
  number = {3},
  pages = {520-534},
  title = {Existence and Uniqueness of Equilibrium Points for Concave N-Person Games},
  volume = {33},
  year = {1965}
}



@inproceedings{ratliff2013characterization,
  title={Characterization and computation of local nash equilibria in continuous games},
  author={Ratliff, Lillian J and Burden, Samuel A and Sastry, S Shankar},
  booktitle={2013 51st Annual Allerton Conference on Communication, Control, and Computing (Allerton)},
  pages={917--924},
  year={2013},
  organization={IEEE}
}


@article{nikaido_note_1955,
  author = {Nikaid{\^o}, Hukukane and Isoda, Kazuo},
  journal = {Pacific Journal of Mathematics},
  number = {Suppl. 1},
  pages = {807-815},
  title = {Note on Non-Cooperative Convex Games},
  volume = {5},
  year = {1955}
}

@article{glicksberg1952further,
  title={A further generalization of the Kakutani fixed point theorem, with application to Nash equilibrium points},
  author={Glicksberg, Irving L},
  journal={Proceedings of the American Mathematical Society},
  volume={3},
  number={1},
  pages={170--174},
  year={1952},
  publisher={JSTOR}
}


@inproceedings{chizat2018global,
  title={On the global convergence of gradient descent for over-parameterized models using optimal transport},
  author={Chizat, Lenaic and Bach, Francis},
  booktitle={Advances in neural information processing systems},
  year={2018}
}

@article{mei2018mean,
  title={A mean field view of the landscape of two-layer neural networks},
  author={Mei, Song and Montanari, Andrea and Nguyen, Phan-Minh},
  journal={Proceedings of the National Academy of Sciences},
  volume={115},
  number={33},
  pages={E7665--E7671},
  year={2018},
  publisher={National Acad Sciences}
}

@article{rotskoff2018neural,
  title={Neural networks as interacting particle systems: Asymptotic convexity of the loss landscape and universal scaling of the approximation error},
  author={Rotskoff, Grant M and Vanden-Eijnden, Eric},
  journal={arXiv preprint arXiv:1805.00915},
  year={2018}
}

@article{rotskoff2019global,
  title={Global convergence of neuron birth-death dynamics},
  author={Rotskoff, Grant and Jelassi, Samy and Bruna, Joan and Vanden-Eijnden, Eric},
  journal={arXiv preprint arXiv:1902.01843},
  year={2019}
}

@article{sirignano2019mean,
  title={Mean field analysis of neural networks: A central limit theorem},
  author={Sirignano, Justin and Spiliopoulos, Konstantinos},
  journal={Stochastic Processes and their Applications},
  year={2019},
  publisher={Elsevier}
}

@article{nikaido1955note,
  title={Note on non-cooperative convex games},
  author={Nikaid{\^o}, Hukukane and Isoda, Kazuo and others},
  journal={Pacific Journal of Mathematics},
  volume={5},
  number={Suppl. 1},
  pages={807--815},
  year={1955},
  publisher={Pacific Journal of Mathematics}
}


@article{neumann1928theorie,
  title={Zur theorie der gesellschaftsspiele},
  author={Neumann, J v},
  journal={Mathematische annalen},
  volume={100},
  number={1},
  pages={295--320},
  year={1928},
  publisher={Springer}
}

@article{santambrogio2017euclidean,
  title={$\{$Euclidean, metric, and {{Wasserstein}}$\}$ gradient flows: an overview},
  author={Santambrogio, Filippo},
  journal={Bulletin of Mathematical Sciences},
  volume={7},
  number={1},
  pages={87--154},
  year={2017},
  publisher={Springer}
}

@article{folland2001integrate,
  title={How to integrate a polynomial over a sphere},
  author={Folland, Gerald B},
  journal={The American Mathematical Monthly},
  volume={108},
  number={5},
  pages={446--448},
  year={2001},
  publisher={Taylor \& Francis}
}

@book{taylor_stochastic_modeling,
	title = {An Introduction To Stochastic Modeling},
	author = {Taylor, Howard M. and Karlin, Samuel},
	year = {1998},
	publisher = {Academic Press},
}

@article{alpha_rank,
  title={$\alpha$-{Rank}, multi-agent evaluation by evolution},
  author={Omidshafiei, Shayegan and Papadimitriou, Christos and Piliouras, Georgios and Tuyls, Karl and Rowland, Mark and Lespiau, Jean-Baptiste and Czarnecki, Wojciech M. and Lanctot, Marc and Perolat, Julien and Munos, Remi},
  journal={arXiv:1903.01373v3},
  year={2019}
 }
 
@article{norton_fundamental,
  author    = {Norton, Douglas E.},
  title     = {The fundamental theorem of dynamical systems},
  journal   = {Commentationes Mathematicae Universitatis Carolinae},
  volume    = {36},
  number    = {3},
  pages     = {585--597},
  year      = {1995}
}

@article{souza_complete,
  author    = {Souza, Josiney A.},
  title     = {Complete {Lyapunov} functions of control systems},
  journal   = {Systems \& Control Letters},
  volume    = {61},
  number    = {2},
  pages     = {322--326},
  year      = {2012}
}

@article{posner_random,
  author    = {Posner, Edward C.},
  title     = {Random Coding Strategies for Minimum Entropy},
  journal   = {IEEE Transations on Information Theory},
  volume    = {21},
  number    = {4},
  pages     = {388--391},
  year      = {1975}
}

@article{yu_strong,
  author    = {Yu, Yao-Liang},
  title     = {The Strong Convexity of von {Neumann's} Entropy},
  year      = {2013}
}

@article{bubeck_monograph,
  author    = {Bubeck, Sébastien},
  title     = {Convex Optimization: Algorithms and Complexity},
  journal   = {Foundations and Trends in Machine Learning},
  volume    = {8},
  number    = {3-4},
  pages     = {231--357},
  year      = {2015}
}

@InProceedings{hsiehfinding2019,
  title = 	 {Finding Mixed {N}ash Equilibria of Generative Adversarial Networks},
  author = 	 {Hsieh, Ya-Ping and Liu, Chen and Cevher, Volkan},
  booktitle = 	 {Proceedings of the 36th International Conference on Machine Learning},
  pages = 	 {2810--2819},
  year = 	 {2019},
  editor = 	 {Chaudhuri, Kamalika and Salakhutdinov, Ruslan},
  volume = 	 {97},
  series = 	 {Proceedings of Machine Learning Research},
  address = 	 {Long Beach, California, USA},
  month = 	 {09--15 Jun},
  publisher = 	 {PMLR},
}

@book{chirikjianstochastic,
  title={Stochastic models, information theory, and Lie groups},
  author={Chirikjian, G.S.},
  number={v. 1},
  isbn={9780817672508},
  series={Applied and numerical harmonic analysis},
  publisher={Birkh{\"a}user},
  year={2009}
}

@book{kallenberg2002foundations,
  title={Foundations of Modern Probability},
  author={Kallenberg, O.},
  isbn={9780387953137},
  lccn={2001032816},
  series={Probability and Its Applications},
  year={2002},
  publisher={Springer New York}
}

@article{eberlequantitative2019,
  author    = {Eberle, Andreas and Guillin, Arnaud, and Zimmer, Raphael},
  title     = {Quantitative {Harris}-type theorems for diffusions and {McKean-Vlasov} processes},
  journal   = {Trans. Amer. Math. Soc.},
  volume    = {371},
  pages     = {7135--7173},
  year      = {2019}
}

@book{friedmanstochastic1975,
  title={Stochastic differential equations and applications. Vol. 1.},
  author={Friedman, A.},
  series={Probability and Mathematical Statistics},
  number={28},
  year={1975},
  publisher={Academic Press [Harcourt Brace Jovanovich Publishers]}
}

@article{bogachevuniqueness2007,
  author    = {Bogachev, V. I. and Da Prato, G. and Röckner, M. and Stannat, W.},
  title     = {Uniqueness of solutions to weak parabolic equations for measures},
  journal   = {Bulletin of the London Mathematical Society},
  volume    = {39},
  issue     = {4},
  pages     = {631-640},
  year      = {2007}
}

@article{rosen_existence_1965,
  author = {Rosen, J. B.},
  journal = {Econometrica},
  number = {3},
  pages = {520-534},
  title = {Existence and Uniqueness of Equilibrium Points for Concave N-Person Games},
  volume = {33},
  year = {1965}
}

@article{chizat2019sparse,
  title={Sparse Optimization on Measures with Over-parameterized Gradient Descent},
  author={Chizat, Lenaic},
  journal={arXiv preprint arXiv:1907.10300v1},
  year={2019}
}

@InProceedings{sznitmantopics1991,
author="Sznitman, Alain-Sol",
editor="Hennequin, Paul-Louis",
title="Topics in propagation of chaos",
booktitle="Ecole d'Et{\'e} de Probabilit{\'e}s de Saint-Flour XIX --- 1989",
year="1991",
publisher="Springer Berlin Heidelberg",
address="Berlin, Heidelberg",
pages="165--251",
isbn="978-3-540-46319-1"
}

@article{lackermean2018,
  title={Mean field games and interacting particle systems},
  author={Lacker, Daniel},
  journal={Preprint},
  year={2018}
}


%%%%%
@inproceedings{merigot2011multiscale,
  title={A multiscale approach to optimal transport},
  author={M{\'e}rigot, Quentin},
  booktitle={Computer Graphics Forum},
  volume={30},
  number={5},
  pages={1583--1592},
  year={2011},
  organization={Wiley Online Library}
}


@article{Kantorovich42,
	Address = {Hingham, MA, USA},
	Author = {L. Kantorovich},
	OPTannote = {Translated in Management Science, Vol. 5, pp. 1--4, 1959},
	Number = {2},
	Pages = {227-229},
	journal = {Doklady Akademii Nauk},
	Title = {On the transfer of masses (in Russian)},
	Volume = {37},
	Year = {1942}
}

@article{arjovsky2017wgan,
  year = { 2017 },
  journal = {Proceedings of the International Conference on Machine Learning},
  author = {Arjovsky, Martin and Chintala, Soumith and Bottou, L\'eon},
  title = {Wasserstein Generative Adversarial Network},
}

@article{santambrogio2015optimal,
  title={Optimal transport for applied mathematicians},
  author={Santambrogio, Filippo},
  journal={Birk{\"a}user, NY},
  volume={55},
  number={58-63},
  pages={94},
  year={2015},
  publisher={Springer}
}

@article{dalalyan2019user,
  title={User-friendly guarantees for the Langevin Monte Carlo with inaccurate gradient},
  author={Dalalyan, Arnak S and Karagulyan, Avetik},
  journal={Stochastic Processes and their Applications},
  volume={129},
  number={12},
  pages={5278--5311},
  year={2019},
  publisher={Elsevier}
}

@inproceedings{canas2012learning,
  title={Learning probability measures with respect to optimal transport metrics},
  author={Canas, Guillermo and Rosasco, Lorenzo},
  booktitle={Advances in Neural Information Processing Systems},
  year={2012}
}

@article{cuturi2018semidual,
  publisher = { SIAM },
  year = { 2018 },
  pages = { 941--965 },
  number = { 4 },
  volume = { 60 },
  journal = { SIAM Review },
  author = { M. Cuturi and G. Peyr{\'e} },
  title = { Semidual Regularized Optimal Transport },
}

@inproceedings{frogner2015learning,
  title={Learning with a {{Wasserstein}} loss},
  author={Frogner, Charlie and Zhang, Chiyuan and Mobahi, Hossein and Araya, Mauricio and Poggio, Tomaso A},
  booktitle={Advances in Neural Information Processing Systems},
  year={2015}
}

@article{courty2016optimal,
  title={Optimal transport for domain adaptation},
  author={Courty, Nicolas and Flamary, R{\'e}mi and Tuia, Devis and Rakotomamonjy, Alain},
  journal={IEEE Transactions on Pattern Analysis and Machine Intelligence},
  volume={39},
  number={9},
  pages={1853--1865},
  year={2016},
  publisher={IEEE}
}

@inproceedings{2018-Genevay-aistats,
  pages = { 1608--1617 },
  year = { 2018 },
  booktitle = {International Conference on
Artificial Intelligence and Statistics},
  author = { A. Genevay and G. Peyr{\'e} and M. Cuturi },
  title = { Learning Generative Models with Sinkhorn Divergences },
}

@inproceedings{2016-genevay-nips,
  year = { 2016 },
  pages = { 3432--3440 },
  booktitle = {Advances in Neural Information Processing Systens},
  author = { A. Genevay and M. Cuturi and G. Peyr{\'e} and F. Bach },
  title = { Stochastic Optimization for Large-scale Optimal Transport },
}


@ARTICLE{Sinkhorn64,
  author={Sinkhorn, Richard},
  title = {A relationship between arbitrary positive matrices and doubly stochastic
	matrices},
  journal = {The Annals of Mathematical Statistics},
  year = {1964},
  volume = {35},
  pages = {876--879}
}

@article{sinkhorn1967concerning,
  title={Concerning nonnegative matrices and doubly stochastic matrices},
  author={Sinkhorn, Richard and Knopp, Paul},
  journal={Pacific Journal of Mathematics},
  volume={21},
  number={2},
  pages={343--348},
  year={1967},
  publisher={Mathematical Sciences Publishers}
}

@inproceedings{altschuler2017near,
  title={Near-linear time approximation algorithms for optimal transport via Sinkhorn iteration},
  author={Altschuler, Jason and Niles-Weed, Jonathan and Rigollet, Philippe},
  booktitle={Advances in Neural Information Processing Systems},
  year={2017}
}

@article{schiebinger2017reconstruction,
  title={Reconstruction of developmental landscapes by optimal-transport analysis of single-cell gene expression sheds light on cellular reprogramming},
  author={Schiebinger, Geoffrey and Shu, Jian and Tabaka, Marcin and Cleary, Brian and Subramanian, Vidya and Solomon, Aryeh and Liu, Siyan and Lin, Stacie and Berube, Peter and Lee, Lia and others},
  journal={Cell},
   number = 176, 
  volum = 4,
  pages = "928--943", 
    year={2019},
}

@article{weed2019sharp,
  title={Sharp asymptotic and finite-sample rates of convergence of empirical measures in {{Wasserstein}} distance},
  author={Weed, Jonathan and Bach, Francis},
  journal={Bernoulli},
  volume={25},
  number={4A},
  pages={2620--2648},
  year={2019},
  publisher={Bernoulli Society for Mathematical Statistics and Probability}
}

@article{weed2019estimation,
  title={Estimation of smooth densities in {{Wasserstein}} distance},
  author={Weed, Jonathan and Berthet, Quentin},
  journal={arXiv preprint arXiv:1902.01778},
  year={2019}
}

@article{seguy2018large,
  title={Large-scale optimal transport and mapping estimation},
  author={Seguy, Vivien and Damodaran, Bharath Bhushan and Flamary, R{\'e}mi and Courty, Nicolas and Rolet, Antoine and Blondel, Mathieu},
  journal={International Conference on Learning Representations},
  year={2018}
}

@inproceedings{luise2019sinkhorn,
  title={Sinkhorn Barycenters with Free Support via Frank-Wolfe Algorithm},
  author={Luise, Giulia and Salzo, Saverio and Pontil, Massimiliano and Ciliberto, Carlo},
  booktitle={Advances in Neural Information Processing Systems},
  year={2019}
}

@article{peyre2019computational,
  title={Computational optimal transport},
  author={Peyr{\'e}, Gabriel and Cuturi, Marco},
  journal={Foundations and Trends{\textregistered} in Machine Learning},
  volume={11},
  number={5-6},
  pages={355--607},
  year={2019},
  publisher={Now Publishers, Inc.}
}

@inproceedings{cuturi2013sinkhorn,
	  title={Sinkhorn Distances: Lightspeed Computation of Optimal Transport},
	  author={Cuturi, M. },
	  booktitle = {Advances in Neural Information Processing Systems},
	  year={2013}
}

@inproceedings{staib2017parallel,
  title={Parallel streaming {{Wasserstein}} barycenters},
  author={Staib, Matthew and Claici, Sebastian and Solomon, Justin M and Jegelka, Stefanie},
  booktitle={Advances in Neural Information Processing Systems},
  year={2017}
}


@inproceedings{2019-Genevay-aistats,
  year = { 2019 },
  booktitle = {International Conference on
Artificial Intelligence and Statistics},
  author = { A. Genevay and L. Chizat and F. Bach and M. Cuturi and G. Peyr{\'e} },
  title = { Sample Complexity of Sinkhorn divergences },
}


@inproceedings{2019-Feydy-aistats,
  year = { 2019 },
  booktitle = {International Conference on
Artificial Intelligence and Statistics},
  author = { J. Feydy and T. S{\'e}journ{\'e} and F-X. Vialard and S. Amari and A. Trouv{\'e} and G. Peyr{\'e} },
  title = { Interpolating between {{Optimal}} {{Transport}} and {{MMD}}
using {{Sinkhorn}} Divergences},
}

@article{fatras2019learning,
  title={Learning with minibatch {{Wasserstein}}: asymptotic and gradient properties},
  author={Fatras, Kilian and Zine, Younes and Flamary, R{\'e}mi and Gribonval, R{\'e}mi and Courty, Nicolas},
  journal={arXiv preprint arXiv:1910.04091},
  year={2019}
}


@article{breiman_strong_1960,
	title = {The Strong Law of Large Numbers for a Class of Markov Chains},
	volume = {31},
	abstract = {Project Euclid - mathematics and statistics online},
	pages = {801--803},
	number = {3},
	journaltitle = {The Annals of Mathematical Statistics},
	shortjournal = {Annals of Mathematical Statistics},
	author = {Breiman, Leo},
	urldate = {2020-02-07},
	year = {1960},
	mrnumber = {MR117786},
	zmnumber = {0104.11901},
	file = {Full Text PDF:/home/amensch/Zotero/storage/KUXA3TSS/Breiman - 1960 - The Strong Law of Large Numbers for a Class of Mar.pdf:application/pdf;Snapshot:/home/amensch/Zotero/storage/ITBHSHQF/1177705810.html:text/html}
}


@article{dudley_speed_1969,
	title = {The Speed of Mean {{Glivenko}}-{{Cantelli}} Convergence},
	volume = {40},
	pages = {40--50},
	number = {1},
	journaltitle = {The Annals of Mathematical Statistics},
	shortjournal = {Ann. Math. Statist.},
	author = {Dudley, R. M.},
	urldate = {2020-02-07},
	year = {1969},
}


@book{lemmens_nonlinear_2012,
	location = {Cambridge},
	title = {Nonlinear Perron–Frobenius Theory},
	publisher = {Cambridge University Press},
	author = {Lemmens, Bas and Nussbaum, Roger},
	urldate = {2020-02-07},
	year = {2012},
	file = {Submitted Version:/home/amensch/Zotero/storage/8NJBRTF2/Lemmens and Nussbaum - 2012 - Nonlinear Perron–Frobenius Theory.pdf:application/pdf}
}

@article{vialard2019elementary,
  title={An elementary introduction to entropic regularization and proximal methods for numerical optimal transport},
  author={Vialard, Fran{\c{c}}ois-Xavier},
  year={2019}
}


@inproceedings{mairal_stochastic_2013,
	title = {Stochastic majorization-minimization algorithms for large-scale optimization},
	booktitle = {Advances in Neural Information Processing Systems},
	author = {Mairal, Julien},
	year = {2013},
}


@book{van_der_vaart_asymptotic_2000,
	title = {Asymptotic statistics},
	publisher = {Cambridge University Press},
	author = {Van der Vaart, Aad W.},
	year = {2000},
}



@inproceedings{frogner_learning_2015,
	title = {Learning with a Wasserstein Loss},
	booktitle = {Advances in Neural Information Processing Systems},
	author = {Frogner, Charlie and Zhang, Chiyuan and Mobahi, Hossein and Araya, Mauricio and Poggio, Tomaso A},
	urldate = {2020-02-28},
	year = {2015},
}


@inproceedings{mensch_geometric_2019,
	title = {Geometric Losses for Distributional Learning},
	author = {Mensch, Arthur and Blondel, Mathieu and Peyré, Gabriel},
  year = {2019},
  booktitle = {Proceedings of the International Conference on Machine Learning},
}

@incollection{moulines_non-asymptotic_2011,
	title = {Non-Asymptotic Analysis of Stochastic Approximation Algorithms for Machine Learning},
	pages = {451--459},
	booktitle = {Advances in Neural Information Processing Systems},
	author = {Moulines, Eric and Bach, Francis},
	year = {2011},
}

sec:proof_prop_convergence
@article{alber_stochastic_2012,
	title = {Stochastic Approximation Method for Fixed Point Problems},
	volume = {03},
	pages = {2123--2132},
	number = {12},
	journaltitle = {Applied Mathematics},
	author = {Alber, Ya. I. and Chidume, C. E. and Li, Jinlu},
	date = {2012},
}


@techreport{ruppert1988efficient,
  title={Efficient estimations from a slowly convergent {{Robbins}}-{{Monro}} process},
  author={Ruppert, David},
  year={1988},
  institution={Cornell University Operations Research and Industrial Engineering}
}



@article{celeux_stochastic_1992,
	title = {A stochastic approximation type {EM} algorithm for the mixture problem},
	volume = {41},
	pages = {119--134},
	number = {1},
	journaltitle = {Stochastics and Stochastic Reports},
	author = {Celeux, Gilles and Diebolt, Jean},
	date = {1992-10-01},
}

@inproceedings{turk1994zippered,
  title={Zippered polygon meshes from range images},
  author={Turk, Greg and Levoy, Marc},
  booktitle={Proceedings of the 21st annual conference on Computer graphics and interactive techniques},
  pages={311--318},
  year={1994}
}


@article{janati_entropic_2020,
	title = {Entropic Optimal Transport between (Unbalanced) Gaussian Measures has a Closed Form},
	journaltitle = {{arXiv}:2006.02572 [math, stat]},
	author = {Janati, Hicham and Muzellec, Boris and Peyré, Gabriel and Cuturi, Marco},
	urldate = {2020-06-05},
	date = {2020-06-03},
	eprinttype = {arxiv},
	eprint = {2006.02572},
	keywords = {Mathematics - Statistics Theory},
}

@article{goldberg1989finding,
  title={Finding minimum-cost circulations by canceling negative cycles},
  author={Goldberg, Andrew V and Tarjan, Robert E},
  journal={Journal of the ACM},
  volume={36},
  number={4},
  pages={873--886},
  year={1989},
}